@article{Aad:2016tuk,
      author         = "Aad, Georges and others",
      title          = "{Search for supersymmetry at $\sqrt{s}=13$  TeV in final
                        states with jets and two same-sign leptons or three
                        leptons with the ATLAS detector}",
      collaboration  = "ATLAS",
      journal        = "Eur. Phys. J.",
      volume         = "C76",
      year           = "2016",
      number         = "5",
      pages          = "259",
      doi            = "10.1140/epjc/s10052-016-4095-8",
      eprint         = "1602.09058",
      archivePrefix  = "arXiv",
      primaryClass   = "hep-ex",
      reportNumber   = "CERN-EP-2016-027",
      SLACcitation   = "%%CITATION = ARXIV:1602.09058;%%"
}
@article{Aad:2015ydr,
      author         = "Aad, Georges and others",
      title          = "{Performance of $b$-Jet Identification in the ATLAS
                        Experiment}",
      collaboration  = "ATLAS",
      journal        = "JINST",
      volume         = "11",
      year           = "2016",
      number         = "04",
      pages          = "P04008",
      doi            = "10.1088/1748-0221/11/04/P04008",
      eprint         = "1512.01094",
      archivePrefix  = "arXiv",
      primaryClass   = "hep-ex",
      reportNumber   = "CERN-PH-EP-2015-216",
      SLACcitation   = "%%CITATION = ARXIV:1512.01094;%%"
}
@article{atlas2015search,
      author         = "Aad, Georges and others",
      title          = "{Search for the electroweak production of supersymmetric particles in $\sqrt{s}$=8 TeV $pp$ collisions with the
                        ATLAS detector}",
      collaboration  = "ATLAS",
      journal        = "Phys. Rev.",
      volume         = "D93",
      year           = "2016",
      number         = "5",
      pages          = "052002",
      doi            = "10.1103/PhysRevD.93.052002",
      eprint         = "1509.07152",
      archivePrefix  = "arXiv",
      primaryClass   = "hep-ex",
      reportNumber   = "CERN-PH-EP-2015-218",
      SLACcitation   = "%%CITATION = ARXIV:1509.07152;%%"
}

@book{barr2015particle,
  title={Particle Physics in the LHC Era},
  author={Barr, Giles and Devenish, Robin and Walczak, Roman and Weidberg, Tony},
  year={2015},
  publisher={Oxford University Press}
}

@article{aad2015summary,
  title={Summary of the searches for squarks and gluinos using $\sqrt{s}= 8$ TeV pp collisions with the ATLAS experiment at the LHC},
  author={Aad, Georges and Abbott, B and Abdallah, J and Abdinov, O and Aben, R and Abolins, M and AbouZeid, OS and Abramowicz, H and Abreu, H and Abreu, R and others},
  journal={Journal of High Energy Physics},
  volume={2015},
  number={10},
  pages={1--100},
  year={2015},
  publisher={Springer}
}
@article{Fuks:2013vua,
      author         = "Fuks, Benjamin and Klasen, Michael and Lamprea, David R.
                        and Rothering, Marcel",
      title          = "{Precision predictions for electroweak superpartner
                        production at hadron colliders with {\sc Resummino}}",
      journal        = "Eur. Phys. J. C",
      volume         = "73",
      pages          = "2480",
      doi            = "10.1140/epjc/s10052-013-2480-0",
      year           = "2013",
      eprint         = "1304.0790",
      archivePrefix  = "arXiv",
      primaryClass   = "hep-ph",
      reportNumber   = "CERN-PH-TH-2013-064, IPHC-PHENO-13-02, MS-TP-13-06",
      SLACcitation   = "%%CITATION = ARXIV:1304.0790;%%",
}
@article{borschensky2014squark,
  title={Squark and gluino production cross sections in pp collisions at $\sqrt{s}$= 13, 14, 33 and 100 TeV},
  author={Borschensky, Christoph and Kr{\"a}mer, Michael and Kulesza, Anna and Mangano, Michelangelo and Padhi, Sanjay and Plehn, Tilman and Portell, Xavier},
  journal={The European Physical Journal C},
  volume={74},
  number={12},
  pages={1--12},
  year={2014},
  publisher={Springer}
}

@MISC{SUSYlimits,
    author = {{ATLAS collaboration}},
    title = {Mass reach of ATLAS searches for Supersymmetry},
    year = {2016},    
    url = {https://atlas.web.cern.ch/Atlas/GROUPS/PHYSICS/CombinedSummaryPlots/SUSY/}
}
@article{aad2016search,
  title={Search for the electroweak production of supersymmetric particles in s= 8 TeV p p collisions with the ATLAS detector},
  author={Aad, G and Abbott, B and Abdallah, J and Abdinov, O and Aben, R and Abolins, M and AbouZeid, OS and Abramowicz, H and Abreu, H and Abreu, R and others},
  journal={Physical review D},
  volume={93},
  number={5},
  pages={052002},
  year={2016},
  publisher={APS}
}

@article{PhysRevD.14.1667,
  title = {Gauge-symmetry hierarchies},
  author = {Gildener, Eldad},
  journal = {Phys. Rev. D},
  volume = {14},
  issue = {6},
  pages = {1667--1672},
  numpages = {0},
  year = {1976},
  month = {Sep},
  publisher = {American Physical Society},
  doi = {10.1103/PhysRevD.14.1667},
  url = {http://link.aps.org/doi/10.1103/PhysRevD.14.1667}
}
@MISC{unification,
    author = {{CMS }},
    title = {Are there more particles left to find?
Supersymmetry: uniting the forces },
    year = {2011},
    note = {[Online; accessed May 18, 2016]},
    url = {http://cmsinfo.web.cern.ch/cmsinfo/Physics/Supersymmetry/index.html}
}
@article{higgs1964broken,
  title={Broken symmetries and the masses of gauge bosons},
  author={Higgs, Peter W},
  journal={Physical Review Letters},
  volume={13},
  number={16},
  pages={508},
  year={1964},
  publisher={APS}
}
@article{englert1964broken,
  title={Broken symmetry and the mass of gauge vector mesons},
  author={Englert, Fran{\c{c}}ois and Brout, Robert},
  journal={Physical Review Letters},
  volume={13},
  number={9},
  pages={321},
  year={1964},
  publisher={APS}
}
@MISC{event,
    author = {{Pequenao, Joao}},
    title = {Event Cross Section in a computer generated image of the ATLAS detector.},
    year = {2008},
    note = {[Online; accessed May 18, 2016]},
    url = {http://cds.cern.ch/record/1096081}
}

@article{aad2012performance,
  title={Performance of the ATLAS Trigger System in 2010},
  author={Aad, Georges and Abbott, B and Abdallah, J and Abdelalim, AA and Abdesselam, A and Abdinov, O and Abi, B and Abolins, M and Abramowicz, H and Abreu, H and others},
  journal={The European Physical Journal C},
  volume={72},
  number={1},
  pages={1--61},
  year={2012},
  publisher={Springer}
}
@article{aad2010atlas,
  title={The ATLAS Inner Detector commissioning and calibration},
  author={Aad, Georges and Abbott, B and Abdallah, J and Abdelalim, AA and Abdesselam, A and Abdinov, O and Abi, B and Abolins, M and Abramowicz, H and Abreu, H and others},
  journal={The European Physical Journal C},
  volume={70},
  number={3},
  pages={787--821},
  year={2010},
  publisher={Springer}
}

@ARTICLE{aad2011search,
  title={Search for stable hadronising squarks and gluinos with the ATLAS experiment at the LHC},
  author={Aad, Georges and Abbott, B and Abdallah, J and Abdelalim, AA and Abdesselam, A and Abdinov, O and Abi, B and Abolins, M and Abramowicz, H and Abreu, H and others},
  journal={Physics Letters B},
  volume={701},
  number={1},
  pages={1--19},
  year={2011},
  publisher={Elsevier}
}

@ARTICLE{aad2011search,
  title={Search for Supersymmetry Using Final States with One Lepton, Jets, and Missing Transverse Momentum with the ATLAS Detector in s= 7 TeV p p Collisions},
  author={Aad, Georges and Abbott, B and Abdallah, J and Abdelalim, AA and Abdesselam, A and Abdinov, O and Abi, B and Abolins, M and Abramowicz, H and Abreu, H and others},
  journal={Physical review letters},
  volume={106},
  number={13},
  pages={131802},
  year={2011},
  publisher={APS}
}

@ARTICLE{aad2012search,
  title={Search for squarks and gluinos using final states with jets and missing transverse momentum with the ATLAS detector in proton--proton collisions},
  author={Aad, Georges and Abbott, B and Abdallah, J and Abdelalim, AA and Abdesselam, A and Abdinov, O and Abi, B and Abolins, M and Abramowicz, H and Abreu, H and others},
  journal={Physics Letters B},
  volume={710},
  number={1},
  pages={67--85},
  year={2012},
  publisher={Elsevier}
}

@ARTICLE{khachatryan2011search,
  title={Search for supersymmetry in pp collisions at 7 TeV in events with jets and missing transverse energy},
  author={Khachatryan, Vardan and Sirunyan, AM and Tumasyan, A and Adam, W and Bergauer, T and Dragicevic, M and Er{\"o}, J and Fabjan, C and Friedl, M and Fr{\"u}hwirth, R and others},
  journal={Physics Letters B},
  volume={698},
  number={3},
  pages={196--218},
  year={2011},
  publisher={Elsevier}
}
@ARTICLE{ade2014planck,
  title={Planck 2013 results. {I}. Overview of products and scientific results},
  author={Ade, Peter AR and Aghanim, N and Alves, MIR and Armitage-Caplan, C and Arnaud, M and Ashdown, M and Atrio-Barandela, F and Aumont, J and Aussel, H and Baccigalupi, C and others},
  journal={Astronomy \& Astrophysics},
  volume={571},
  pages={A1},
  year={2014},
  publisher={EDP Sciences}
}

@BOOK{martin2006nuclear,
  title={Nuclear and particle physics: An introduction},
  author={Martin, Brian R},
  year={2006},
  publisher={John Wiley \& Sons}
}

@ARTICLE{farrar1978phenomenology,
  title={Phenomenology of the production, decay, and detection of new hadronic states associated with supersymmetry},
  author={Farrar, Glennys R and Fayet, Pierre},
  journal={Physics Letters B},
  volume={76},
  number={5},
  pages={575--579},
  year={1978},
  publisher={Elsevier}
}

@ARTICLE{aad2013search,
  title={Search for direct slepton and gaugino production in final states with two leptons and missing transverse momentum with the ATLAS detector in pp collisions at},
  author={Aad, Georges and Abajyan, Tatevik and Abbott, Brad and Abdallah, Jalal and Khalek, S Abdel and Abdelalim, AA and Abdinov, O and Aben, R and Abi, B and Abolins, M and others},
  journal={Physics Letters B},
  volume={718},
  number={3},
  pages={879--901},
  year={2013},
  publisher={Elsevier}
}

@TECHREPORT{khachatryan2015search,
  title={Search for supersymmetry in events with a photon, a lepton, and missing transverse momentum in pp collisions at $ \sqrt{s}$ = 8 TeV},
  author={Khachatryan, Vardan and Erbacher, Robin and Carrillo Montoya, Camilo Andres and Carvalho, Wagner and G{\'o}rski, Maciej and Kotlinski, Danek and Anderson, Jacob and Jez, Pavel and Ujvari, Balazs and Ozturk, Sertac and others},
  year={2015},
  institution={CMS-SUS-14-013-003}
}

@ARTICLE{Khachatryan:2016kdk,
      author         = "Khachatryan, Vardan and others",
      title          = "{Search for supersymmetry in the multijet and missing
                        transverse momentum final state in pp collisions at 13
                        TeV}",
      collaboration  = "CMS",
      year           = "2016",
      eprint         = "1602.06581",
      archivePrefix  = "arXiv",
      primaryClass   = "hep-ex",
      reportNumber   = "CMS-SUS-15-002, CERN-EP-2016-036,
                        FERMILAB-PUB-16-056-CMS",
      SLACcitation   = "%%CITATION = ARXIV:1602.06581;%%"
}


@ARTICLE{aad2013searchPhoton,
  title={Search for supersymmetry in events with photons, bottom quarks, and missing transverse momentum in proton--proton collisions at a centre-of-mass energy of 7 TeV with the ATLAS detector},
  author={Aad, Georges and Abajyan, Tatevik and Abbott, Brad and Abdallah, Jalal and Khalek, S Abdel and Abdelalim, AA and Abdinov, O and Aben, R and Abi, B and Abolins, M and others},
  journal={Physics Letters B},
  volume={719},
  number={4},
  pages={261--279},
  year={2013},
  publisher={Elsevier}
}

@ARTICLE{Aad:2012tfa,
      author         = "Aad, Georges and others",
      title          = "{Observation of a new particle in the search for the
                        Standard Model Higgs boson with the ATLAS detector at the
                        LHC}",
      collaboration  = "ATLAS",
      journal        = "Phys. Lett.",
      volume         = "B716",
      year           = "2012",
      pages          = "1-29",
      doi            = "10.1016/j.physletb.2012.08.020",
      eprint         = "1207.7214",
      archivePrefix  = "arXiv",
      primaryClass   = "hep-ex",
      reportNumber   = "CERN-PH-EP-2012-218",
      SLACcitation   = "%%CITATION = ARXIV:1207.7214;%%"
}
@inproceedings{Lykken:1996xt,
      author         = "Lykken, Joseph D.",
      title          = "{Introduction to supersymmetry}",
      booktitle      = "{Fields, strings and duality. Proceedings, Summer School,
                        Theoretical Advanced Study Institute in Elementary
                        Particle Physics, TASI'96, Boulder, USA, June 2-28, 1996}",
      url            = "http://lss.fnal.gov/cgi-bin/find_paper.pl?pub-96-445-T",
      year           = "1996",
      pages          = "85-153",
      eprint         = "hep-th/9612114",
      archivePrefix  = "arXiv",
      primaryClass   = "hep-th",
      reportNumber   = "FERMILAB-PUB-96-445-T",
      SLACcitation   = "%%CITATION = HEP-TH/9612114;%%"
}
@ARTICLE{aad2008atlas,
  title={The ATLAS experiment at the CERN large hadron collider},
  author={Aad, Georges and Abat, E and Abdallah, J and Abdelalim, AA and Abdesselam, A and Abdinov, O and Abi, BA and Abolins, M and Abramowicz, H and Acerbi, E and others},
  journal={Journal of Instrumentation},
  volume={3},
  number={8},
  year={2008}
}

@article{chatrchyan2012observation,
  title={Observation of a new boson at a mass of 125 GeV with the CMS experiment at the LHC},
  author={Chatrchyan, Serguei and Khachatryan, Vardan and Sirunyan, Albert M and Tumasyan, A and Adam, W and Aguilo, E and Bergauer, T and Dragicevic, M and Er{\"o}, J and Fabjan, C and others},
  journal={Physics Letters B},
  volume={716},
  number={1},
  pages={30--61},
  year={2012},
  publisher={Elsevier}
}

@article{Glashow:1961tr,
      author         = "Glashow, S. L.",
      title          = "{Partial Symmetries of Weak Interactions}",
      journal        = "Nucl. Phys.",
      volume         = "22",
      year           = "1961",
      pages          = "579-588",
      doi            = "10.1016/0029-5582(61)90469-2",
      SLACcitation   = "%%CITATION = NUPHA,22,579;%%"
}
@article{weinberg1967model,
  title={A model of leptons},
  author={Weinberg, Steven},
  journal={Physical review letters},
  volume={19},
  number={21},
  pages={1264},
  year={1967},
  publisher={APS}
}
@article{salam1968elementary,
  title={Elementary particle theory},
  author={Salam, Abdus and Svartholm, N},
  journal={Almquist and Wiksell, Stockholm},
  pages={367},
  year={1968}
}
